@article{barreto_2017_industry,
  author = {Barreto, L. and Amaral, A. and Pereira, T.},
  pages = {1245-1252},
  title = {Industry 4.0 implications in logistics: an overview},
  doi = {10.1016/j.promfg.2017.09.045},
  url = {https://doi.org/10.1016/j.promfg.2017.09.045},
  urldate = {2021-07-08},
  volume = {13},
  year = {2017},
  journal = {Procedia Manufacturing}
}

@article{bay_2008_speededup,
  author = {Bay, Herbert and Ess, Andreas and Tuytelaars, Tinne and Van Gool, Luc},
  month = {06},
  pages = {346-359},
  title = {Speeded-Up Robust Features (SURF)},
  doi = {10.1016/j.cviu.2007.09.014},
  url = {https://www.sciencedirect.com/science/article/pii/S1077314207001555},
  volume = {110},
  year = {2008},
  journal = {Computer Vision and Image Understanding}
}

@article{bhowmik_2018_embedded,
  author = {Bhowmik, Deepayan and Appiah, Kofi},
  pages = {204-216},
  title = {Embedded Vision Systems: A Review of the Literature},
  doi = {10.1007/978-3-319-78890-6_17},
  url = {http://dx.doi.org/10.1007/978-3-319-78890-6_17},
  urldate = {2022-05-12},
  year = {2018},
  journal = {Applied Reconfigurable Computing. Architectures, Tools, and Applications}
}

@article{chen_2013_research,
  author = {Chen, Jun Mei and Liu, Xiong and Zhao, Zuo Xi and Zhong, Wei Tao},
  month = {09},
  pages = {480-485},
  title = {Research on Landscape Environment with 3D-Reconstruction and Volume Measurement of Fruit Tree Canopy Based on Kinect},
  doi = {10.4028/www.scientific.net/amr.788.480},
  url = { https://doi.org/10.4028/www.scientific.net/AMR.788.480},
  urldate = {2021-08-12},
  volume = {788},
  year = {2013},
  journal = {Advanced Materials Research}
}

@article{gao_2021_airline,
  author = {Gao, Qingji and Liang, Peiwen},
  pages = {41833-41843},
  title = {Airline Baggage Appearance Transportability Detection Based on A Novel Dataset and Sequential Hierarchical Sampling CNN Model},
  doi = {10.1109/access.2021.3065705},
  url = {https://doi.org/10.1109/ACCESS.2021.3065705},
  urldate = {2021-05-02},
  volume = {9},
  year = {2021},
  journal = {IEEE Access}
}

@article{gao_2018_minimum,
  author = {Gao, Qingji and Yin, Deyu and Luo, Qijun and Liu, Jingbin},
  month = {08},
  pages = {1313-1321},
  title = {Minimum elastic bounding box algorithm for dimension detection of 3D objects: a case of airline baggage measurement},
  doi = {10.1049/iet-ipr.2017.0695},
  url = {https://doi.org/10.1049/iet-ipr.2017.0695},
  urldate = {2021-08-12},
  volume = {12},
  year = {2018},
  journal = {IET Image Processing}
}

@book{gil_2002_como,
  author = {Gil, Antônio Carlos},
  edition = {1},
  publisher = {Atlas},
  title = {Como elaborar projetos de pesquisa.},
  year = {2002}
}

@article{gomes_2012_applications,
  author = {Gomes, Juliana Freitas Santos and Leta, Fabiana Rodrigues},
  month = {10},
  pages = {989-1000},
  title = {Applications of computer vision techniques in the agriculture and food industry: a review},
  doi = {10.1007/s00217-012-1844-2},
  urldate = {2019-07-22},
  volume = {235},
  year = {2012},
  journal = {European Food Research and Technology}
}

@article{kosackaolejnik_2019_industry,
  author = {Kosacka-Olejnik, Monika and Pitakaso, Rapeepan},
  month = {12},
  pages = {478-485},
  title = {Industry 4.0: state of the art and research implications},
  doi = {10.17270/j.log.2019.363},
  url = {https://www.logforum.net/volume15/issue4/abstract-3.html},
  urldate = {2020-07-13},
  volume = {15},
  year = {2019},
  journal = {Logforum}
}

@article{lima_2019_indstria,
  author = {Lima, Alison Gustavo De and Pinto, Giuliano Scombatti},
  month = {12},
  pages = {299-311},
  title = {INDÚSTRIA 4.0},
  doi = {10.31510/infa.v16i2.642},
  url = {https://doi.org/10.31510/infa.v16i2.642},
  urldate = {2021-05-12},
  volume = {16},
  year = {2019},
  journal = {Revista Interface Tecnológica}
}

@article{ren_2020_a,
  author = {Ren, Xinhui and Zhou, Xiyu and Xu, Xiaobing},
  month = {05},
  pages = {101761},
  title = {A new model of luggage storage time while boarding an airplane: An experimental test},
  doi = {10.1016/j.jairtraman.2019.101761},
  url = {https://doi.org/10.1016/j.jairtraman.2019.101761},
  urldate = {2021-06-12},
  volume = {84},
  year = {2020},
  journal = {Journal of Air Transport Management}
}

@misc{suleiman_2017_towards,
  author = {Suleiman, A. and Chen, Y. and Emer, J. and Sze, V.},
  month = {05},
  pages = {1–4},
  title = {Towards closing the energy gap between HOG and CNN features for embedded vision},
  doi = {10.1109/ISCAS.2017.8050341},
  url = {https://ieeexplore.ieee.org/abstract/document/8050341},
  urldate = {2021-03-12},
  year = {2017},
  organization = {IEEE Xplore}
}

@article{vaidya_2018_industry,
  author = {Vaidya, Saurabh and Ambad, Prashant and Bhosle, Santosh},
  pages = {233-238},
  title = {Industry 4.0 – A Glimpse},
  doi = {10.1016/j.promfg.2018.02.034},
  url = {https://www.sciencedirect.com/science/article/pii/S2351978918300672},
  volume = {20},
  year = {2018},
  journal = {Procedia Manufacturing}
}

@misc{priscila_2020_bagagem,
  author = {Priscila, YAMANY},
  month = {12},
  title = {Bagagem de mão: o que pode e o que não pode | Skyscanner},
  url = {https://www.skyscanner.com.br/noticias/bagagem-de-mao-o-que-pode-e-o-que-nao-pode},
  urldate = {2021-08-12},
  year = {2020},
  organization = {Skyscanner Brasil}
}

@article{zheng_2018_smart,
  author = {Zheng, Pai and wang, Honghui and Sang, Zhiqian and Zhong, Ray Y. and Liu, Yongkui and Liu, Chao and Mubarok, Khamdi and Yu, Shiqiang and Xu, Xun},
  month = {01},
  pages = {137-150},
  title = {Smart manufacturing systems for Industry 4.0: Conceptual framework, scenarios, and future perspectives},
  doi = {10.1007/s11465-018-0499-5},
  url = {https://doi.org/10.1007/s11465-018-0499-5},
  urldate = {2022-08-08},
  volume = {13},
  year = {2018},
  journal = {Frontiers of Mechanical Engineering}
}

@misc{vecteezy_2022_download,
  author = {vecteezy},
  month = {05},
  title = {Download People In Airport Flat Color Icons for free},
  url = {https://www.vecteezy.com/vector-art/478333-people-in-airport-flat-color-icons},
  urldate = {2022-07-27},
  year = {2022},
  organization = {Vecteezy}
}

@misc{cnpq_2022_engenharias,
  author = {CNPQ},
  month = {01},
  title = {Engenharias - Plataforma Lattes - CNPq},
  url = {http://lattes.cnpq.br/web/dgp/engenharias},
  urldate = {2022-07-30},
  year = {2022},
  organization = {lattes.cnpq.br}
}

@article{alsyouf_2018_improving,
  author = {Alsyouf, Imad and Kumar, Uday and Al-Ashi, Lubna and Al-Hammadi, Muna},
  month = {03},
  pages = {432-452},
  title = {Improving baggage flow in the baggage handling system at a UAE-based airline using lean Six Sigma tools},
  doi = {10.1080/08982112.2018.1437180},
  url = {https://doi.org/10.1080/08982112.2018.1437180},
  urldate = {2018-03-26},
  volume = {30},
  year = {2018},
  journal = {Quality Engineering}
}

@misc{anderson_2019_singapore,
  author = {Anderson, Kareem },
  month = {03},
  title = {Singapore Changi Airport caught using Microsoft Kinect sensors - OnMSFT.com},
  url = {https://www.onmsft.com/news/singapore-changi-airport-caught-using-microsoft-kinect-sensors},
  urldate = {2022-07-30},
  year = {2019},
  organization = {onmsft.com}
}

@article{chan_2018_an,
  author = {Chan, Ting and Lichti, Derek and Jahraus, Adam and Esfandiari, Hooman and Lahamy, Herve and Steward, Jeremy and Glanzer, Matthew},
  month = {07},
  pages = {2454},
  title = {An Egg Volume Measurement System Based on the Microsoft Kinect},
  doi = {10.3390/s18082454},
  url = {https://doi.org/10.3390/s18082454},
  urldate = {2022-01-30},
  volume = {18},
  year = {2018},
  journal = {Sensors}
}

@article{chen_2015_kinectbased,
  author = {Chen, Xiaofeng and Henrickson, Kristian and Wang, Yinhai},
  month = {07},
  pages = {229-240},
  title = {Kinect-Based Pedestrian Detection for Crowded Scenes},
  doi = {10.1111/mice.12163},
  url = {https://doi.org/10.1111/mice.12163},
  urldate = {2022-07-30},
  volume = {31},
  year = {2015},
  journal = {Computer-Aided Civil and Infrastructure Engineering}
}

@misc{colby_2019_selfservice,
  author = { Colby, Matt},
  month = {01},
  title = {Self-service bag drops and the challenges of speeding up airport baggage check-in},
  url = {https://www.stantec.com/en/ideas/self-service-bag-drops-and-the-challenges-of-speeding-up-airport-baggage-check-in},
  urldate = {2021-09-20},
  year = {2019},
  organization = {www.stantec.combuildings}
}

@article{ding_2018_a,
  author = {Ding, Shuguang and Nie, Xiangli and Qiao, Hong and Zhang, Bo},
  month = {04},
  pages = {792-806},
  title = {A Fast Algorithm of Convex Hull Vertices Selection for Online Classification},
  doi = {10.1109/tnnls.2017.2648038},
  url = {https://doi.org/10.1109/TNNLS.2017.2648038},
  urldate = {2022-07-30},
  volume = {29},
  year = {2018},
  journal = {IEEE Transactions on Neural Networks and Learning Systems}
}

@article{gao_2013_baggage,
  author = {Gao, Qing Ji and Yang, Lu},
  month = {01},
  pages = {861-865},
  title = {Baggage Specification Detection Based on the Binocular Vision},
  doi = {10.4028/www.scientific.net/amm.278-280.861},
  url = {https://doi.org/10.4028/www.scientific.net/AMM.278-280.861},
  urldate = {2021-08-26},
  volume = {278-280},
  year = {2013},
  journal = {Applied Mechanics and Materials}
}

@article{gmen_2021_smart,
  author = {Gocmen, Elifcan},
  month = {07},
  pages = {480-490},
  title = {Smart Airport: Evaluation of Performance Standards and Technologies for a Smart Logistics Zone},
  doi = {10.1177/03611981211019740},
  url = {https://doi.org/10.1177%2F03611981211019740},
  urldate = {2021-10-19},
  volume = {2675},
  year = {2021},
  journal = {Transportation Research Record: Journal of the Transportation Research Board}
}

@article{guffanti_2020_the,
  author = {Guffanti, Diego and Brunete, Alberto and Hernando, Miguel and Rueda, Javier and Navarro Cabello, Enrique},
  month = {08},
  pages = {4405},
  title = {The Accuracy of the Microsoft Kinect V2 Sensor for Human Gait Analysis. A Different Approach for Comparison with the Ground Truth},
  doi = {10.3390/s20164405},
  url = {https://doi.org/10.3390/s20164405},
  urldate = {2020-12-01},
  volume = {20},
  year = {2020},
  journal = {Sensors}
}

@misc{anac_2022_passageiros,
  author = {anac},
  title = {Passageiros},
  url = {https://www.gov.br/anac/pt-br/assuntos/passageiros},
  urldate = {2022-07-30},
  year = {2022},
  organization = {Agência Nacional de Aviação Civil (ANAC)}
}

@misc{gol_2022_bagagem,
  author = {Gol},
  title = {Bagagem | GOL Linhas Aéreas},
  url = {https://www.voegol.com.br/informacoes/bagagem},
  urldate = {2022-07-30},
  year = {2022},
  organization = {www.voegol.com.br}
}

@misc{azul_2022_bagagem,
  author = {Azul},
  title = {Bagagem Despachada},
  url = {https://www.voeazul.com.br/para-sua-viagem/informacoes-para-viajar/bagagem-despachada},
  urldate = {2022-07-30},
  year = {2022},
  organization = {Azul}
}

@misc{denis_2021_bagagem,
  author = {denis},
  month = {04},
  title = {Bagagem no avião: guia completo e dicas de como despachar suas malas grátis!},
  url = {https://www.melhoresdestinos.com.br/bagagem-viagem-aviao.html#:~:text=Em%20voos%20dom%C3%A9sticos%2C%20a%20bagagem},
  urldate = {2022-07-30},
  year = {2021},
  organization = {Melhores Destinos}
}

@misc{daniel_2021_como,
  author = {daniel},
  month = {07},
  title = {Como fazer check-in online, no celular ou no aeroporto para o seu voo?},
  url = {https://www.melhoresdestinos.com.br/como-fazer-check-in.html},
  urldate = {2022-07-30},
  year = {2021},
  organization = {Melhores Destinos}
}

@misc{skyscanner_2022_bagagem,
  author = {Skyscanner},
  month = {01},
  title = {Bagagem: preços e medidas aceitas nas linhas aéreas},
  url = {https://www.skyscanner.com.br/noticias/dicas/bagagem-de-mao-e-bagagem-despachada-saiba-os-tamanhos-e-os-pesos-permitidos},
  urldate = {2022-07-30},
  year = {2022},
  organization = {Skyscanner Brasil}
}

@misc{thayana_2022_bagagem,
  author = {thayana},
  month = {07},
  title = {Bagagem de mão: medidas, dúvidas, dicas e tudo que você queria saber nos voos nacionais e internacionais},
  url = {https://www.melhoresdestinos.com.br/bagagem-de-mao.html},
  urldate = {2022-07-30},
  year = {2022},
  organization = {Melhores Destinos}
}

@misc{bourque_2015_guide,
  author = {Bourque, Pierre and Fairley, Richard},
  title = {Guide to the Software Engineering Body of Knowledge SWEBOK ® A Project of the IEEE Computer Society},
  url = {https://cs.fit.edu/~kgallagher/Schtick/Serious/SWEBOKv3.pdf},
  year = {2015}
}

@misc{mathworks_2022_image,
  author = {MathWorks},
  title = {Image Acquisition Toolbox. 2022. www.mathworks.com, 2022},
  url = {https://www.mathworks.com/products/image-acquisition.html},
  urldate = {2022-08-01},
  year = {2022},
  organization = {www.mathworks.com}
}

@misc{mathwork_2022_image,
  author = {MathWork},
  month = {09},
  title = {Image Acquisition Toolbox Support Package for Kinect For Windows Sensor},
  url = {https://www.mathworks.com/matlabcentral/fileexchange/40445-image-acquisition-toolbox-support-package-for-kinect-for-windows-sensor},
  urldate = {2022-08-01},
  year = {2022},
  organization = {www.mathworks.com}
}

@misc{mathworks_2016_matlab,
  author = {MathWorks},
  month = {04},
  title = {MATLAB and Simulink Support for Arduino},
  url = {https://www.mathworks.com/matlabcentral/fileexchange/32374-legacy-matlab-and-simulink-support-for-arduino},
  urldate = {2022-08-01},
  year = {2016},
  organization = {https://www.mathworks.com/matlabcentral/fileexchange/32374-legacy-matlab-and-simulink-support-for-arduino}
}

@misc{mathworks_2015_point,
  author = {MathWorks},
  month = {01},
  title = {Point cloud from Kinect for Windows - MATLAB pcfromkinect},
  url = {https://www.mathworks.com/help/vision/ref/pcfromkinect.html},
  urldate = {2022-08-03},
  year = {2015},
  organization = {www.mathworks.com}
}

@misc{mathworks_2017_acquire,
  author = {MathWorks},
  title = {Acquire Image and Body Data Using Kinect V2 - MATLAB & Simulink. 2017. Mathworks, 2017},
  url = {https://www.mathworks.com/help/supportpkg/kinectforwindowsruntime/ug/acquire-image-and-body-data-using-kinect-v2.html},
  urldate = {2022-08-03},
  year = {2017},
  organization = {www.mathworks.com}
}

@misc{proteus_2022_pcb,
  author = {Proteus},
  title = {PCB Design and Circuit Simulator Software - Proteus},
  url = {https://www.labcenter.com/},
  urldate = {2022-04-07},
  year = {2022},
  organization = {www.labcenter.com}
}

@misc{humphries_2019_newark,
  author = { Humphries, Matthew},
  title = {Newark Airport Is Using Xbox Kinect Sensors for Surveillance},
  url = {https://www.pcmag.com/news/newark-airport-is-using-xbox-kinect-sensors-for-surveillance},
  urldate = {2022-07-17},
  year = {2019},
  organization = {PCMAG}
}

@article{hyypp_2020_accurate,
  author = {Hyyppä, Eric and Kukko, Antero and Kaijaluoto, Risto and White, Joanne C. and Wulder, Michael A. and Pyörälä, Jiri and Liang, Xinlian and Yu, Xiaowei and Wang, Yunsheng and Kaartinen, Harri and Virtanen, Juho-Pekka and Hyyppä, Juha},
  month = {03},
  pages = {246-262},
  title = {Accurate derivation of stem curve and volume using backpack mobile laser scanning},
  doi = {10.1016/j.isprsjprs.2020.01.018},
  url = {https://doi.org/10.1016/j.isprsjprs.2020.01.018},
  urldate = {2021-08-13},
  volume = {161},
  year = {2020},
  journal = {ISPRS Journal of Photogrammetry and Remote Sensing}
}

@article{hyypp_2020_comparison,
  author = {Hyyppä, Eric and Yu, Xiaowei and Kaartinen, Harri and Hakala, Teemu and Kukko, Antero and Vastaranta, Mikko and Hyyppä, Juha},
  month = {10},
  pages = {3327},
  title = {Comparison of Backpack, Handheld, Under-Canopy UAV, and Above-Canopy UAV Laser Scanning for Field Reference Data Collection in Boreal Forests},
  doi = {10.3390/rs12203327},
  url = {https://doi.org/10.3390/rs12203327},
  urldate = {2022-01-25},
  volume = {12},
  year = {2020},
  journal = {Remote Sensing}
}

@misc{icao_2019_the,
  author = {ICAO},
  title = {The World of Air Transport in 2019},
  url = {https://www.icao.int/annual-report-2019/Pages/the-world-of-air-transport-in-2019.aspx},
  urldate = {2022-06-08},
  year = {2019},
  organization = {www.icao.int}
}

@article{kucuk_2019_development,
  author = {Kucuk, Haluk and Al Muallim, Mohammad T. and Yılmaz, Fikret and Kahraman, Metin},
  editor = {Nikolaev, Dmitry P. and Radeva, Petia and Verikas, Antanas and Zhou, Jianhong},
  month = {03},
  title = {Development of a dimensions measurement system based on depth camera for logistic applications},
  doi = {10.1117/12.2523123},
  url = {https://doi.org/10.1117/12.2523123},
  urldate = {2022-06-10},
  year = {2019},
  journal = {Eleventh International Conference on Machine Vision (ICMV 2018)}
}

@article{limwattanapibool_2017_determination,
  author = {Limwattanapibool, Onapa and Arch-int, Somjit},
  month = {05},
  pages = {e12204},
  title = {Determination of the appropriate parameters for K-means clustering using selection of region clusters based on density DBSCAN (SRCD-DBSCAN)},
  doi = {10.1111/exsy.12204},
  url = {https://doi.org/10.1111/exsy.12204},
  urldate = {2022-06-07},
  volume = {34},
  year = {2017},
  journal = {Expert Systems}
}

@article{moher_2009_preferred,
  author = {Moher, D},
  month = {09},
  pages = {889-896},
  title = {Preferred reporting items for systematic reviews and meta-analyses: the PRISMA statement (Chinese edition)},
  doi = {10.3736/jcim20090918},
  url = {https://doi.org/10.3736/jcim20090918},
  urldate = {2022-03-12},
  volume = {7},
  year = {2009},
  journal = {Journal of Chinese Integrative Medicine}
}

@article{neethu_2015_role,
  author = {Neethu , N.J and Anoop,  B.K},
  title = {Role of Computer Vision in Automatic Inspection System},
  url = {https://www.researchgate.net/profile/Anoop-Kadan-2/publication/281719495_Role_of_Computer_Vision_in_Automatic_Inspection_Systems/links/5a0c703b4585153829b170c2/Role-of-Computer-Vision-in-Automatic-Inspection-Systems.pdf},
  urldate = {2022-04-01},
  volume = {123},
  year = {2015},
  journal = {International Journal of Computer Applications}
}

@article{negri_2017_avaliao,
  author = {Negri, Nathane and Borille, Giovanna},
  month = {01},
  title = {AVALIAÇÃO DA INFLUÊNCIA DE NOVAS TECNOLOGIAS EM TERMINAIS DE PASSAGEIROS AEROPORTUÁRIOS SOB A ÓTICA DOS PASSAGEIROS},
  url = {https://abre.ai/eG4j},
  urldate = {2022-03-08},
  year = {2017},
  journal = {ANPET}
}

@article{ozbay_2013_3d,
  author = {Ozbay, Erdal and Cinar, Ahmet},
  month = {06},
  title = {3D Reconstruction Technique with Kinect and Point Cloud Computing},
  url = {http://archives.un-pub.eu/index.php/P-ITCS/article/viewArticle/2009},
  urldate = {2022-08-08},
  volume = {3},
  year = {2013},
  journal = {Global Journal on Technology}
}

@article{qingji_2018_method,
  author = {Qingji, Gao and Chuanbo, Peng and Qijun, Luo},
  month = {08},
  title = {Method on 3D Reconstruction of Airline Baggage Based on Active Laser Projection of Improved Encoding},
  doi = {10.1109/gncc42960.2018.9018713},
  url = {https://doi.org/10.1109/GNCC42960.2018.9018713},
  urldate = {2022-06-09},
  volume = {39},
  year = {2018},
  journal = {2018 IEEE CSAA Guidance, Navigation and Control Conference (CGNCC)}
}

@article{ronzani_2015_impact,
  author = {Ronzani, Giovanna Miceli and Correia, Anderson Ribeiro},
  month = {04},
  pages = {150-160},
  title = {Impact of demand and airport characteristics on baggage claim},
  doi = {10.1680/tran.12.00048},
  url = {https://doi.org/10.1680/tran.12.00048},
  urldate = {2022-06-29},
  volume = {168},
  year = {2015},
  journal = {Proceedings of the Institution of Civil Engineers - Transport}
}

@article{ruchay_2018_fusion,
  author = {Ruchay, A.N. and Dorofeev, K.A. and Kolpakov, V.I.},
  pages = {898-903},
  title = {Fusion of information from multiple Kinect sensors for 3D object reconstruction},
  doi = {10.18287/2412-6179-2018-42-5-898-903},
  url = {https://doi.org/10.18287/2412-6179-2018-42-5-898-903},
  urldate = {2022-06-09},
  volume = {42},
  year = {2018},
  journal = {Computer Optics}
}

@article{ryu_2020_algorithm,
  author = {Ryu, Min Woo and Oh, Sang Min and Kim, Min Ju and Cho, Hun Hee and Son, Chang Baek and Kim, Tae Hoon},
  month = {11},
  pages = {8073},
  title = {Algorithm for Generating 3D Geometric Representation Based on Indoor Point Cloud Data},
  doi = {10.3390/app10228073},
  url = {https://doi.org/10.3390/app10228073},
  urldate = {2022-06-13},
  volume = {10},
  year = {2020},
  journal = {Applied Sciences}
}

@article{shin_2014_implementation,
  author = {Shin, Dong-Won and Ho, Yo-Sung},
  month = {12},
  title = {Implementation of 3D object reconstruction using a pair of Kinect cameras},
  doi = {10.1109/apsipa.2014.7041651},
  url = {https://doi.org/10.1109/APSIPA.2014.7041651},
  urldate = {2022-06-10},
  year = {2014},
  journal = {Signal and Information Processing Association Annual Summit and Conference (APSIPA), 2014 Asia-Pacific}
}

@article{sun_2019_threedimensional,
  author = {Sun, Guoxiang and Wang, Xiaochan},
  month = {09},
  pages = {596},
  title = {Three-Dimensional Point Cloud Reconstruction and Morphology Measurement Method for Greenhouse Plants Based on the Kinect Sensor Self-Calibration},
  doi = {10.3390/agronomy9100596},
  url = {https://doi.org/10.3390/agronomy9100596},
  urldate = {2022-07-20},
  volume = {9},
  year = {2019},
  journal = {Agronomy}
}

@misc{statista_2020_airline,
  author = {Statista},
  month = {11},
  publisher = {Statista},
  title = {Airline industry - passenger traffic worldwide 2019 | Statistic},
  url = {https://www.statista.com/statistics/564717/airline-industry-passenger-traffic-globally/},
  urldate = {2021-12-02},
  year = {2020},
  organization = {Statista}
}

@article{wan_2012_a,
  author = {Wan, Yi and Wang, Jin and Hu, Jingwen and Song, Tiangang and Bai, Yang and Ji, Zheng},
  month = {09},
  title = {A Study in 3D-Reconstruction Using Kinect Sensor},
  doi = {10.1109/wicom.2012.6478374},
  url = {https://doi.org/10.1109/WiCOM.2012.6478374},
  urldate = {2022-06-14},
  year = {2012},
  journal = {2012 8th International Conference on Wireless Communications, Networking and Mobile Computing}
}

@article{warnett_2016_towards,
  author = {Warnett, Jason M and Titarenko, Valeriy and Kiraci, Ercihan and Attridge, Alex and Lionheart, William R B and Withers, Philip J and Williams, Mark A},
  month = {01},
  pages = {035401},
  title = {Towards in-process x-ray CT for dimensional metrology},
  doi = {10.1088/0957-0233/27/3/035401},
  url = {http://dx.doi.org/10.1088/0957-0233/27/3/035401},
  urldate = {2022-06-07},
  volume = {27},
  year = {2016},
  journal = {Measurement Science and Technology}
}

@article{zennaro_2015_performance,
  author = {Zennaro, S. and Munaro, M. and Milani, S. and Zanuttigh, P. and Bernardi, A. and Ghidoni, S. and Menegatti, E.},
  month = {06},
  title = {Performance evaluation of the 1st and 2nd generation Kinect for multimedia applications},
  doi = {10.1109/icme.2015.7177380},
  url = {https://doi.org/10.1109/ICME.2015.7177380},
  urldate = {2022-08-09},
  year = {2015},
  journal = {2015 IEEE International Conference on Multimedia and Expo (ICME)}
}

@article{zhang_2018_a,
  author = {Zhang, Yuming and Chen, Cong and Wu, Qiong and Lu, Qi and Zhang, Su and Zhang, Guohui and Yang, Yin},
  month = {12},
  pages = {3935-3946},
  title = {A Kinect-Based Approach for 3D Pavement Surface Reconstruction and Cracking Recognition},
  doi = {10.1109/tits.2018.2791476},
  url = {https://doi.org/10.1109/TITS.2018.2791476},
  urldate = {2022-08-09},
  volume = {19},
  year = {2018},
  journal = {IEEE Transactions on Intelligent Transportation Systems}
}

@article{zhou_2019_extracting,
  author = {Zhou, Sanzhang and Kang, Feng and Li, Wenbin and Kan, Jiangming and Zheng, Yongjun and He, Guojian},
  month = {07},
  pages = {3212},
  title = {Extracting Diameter at Breast Height with a Handheld Mobile LiDAR System in an Outdoor Environment},
  doi = {10.3390/s19143212},
  url = {https://doi.org/10.3390/s19143212},
  urldate = {2022-01-30},
  volume = {19},
  year = {2019},
  journal = {Sensors}
}

@article{schubert_2017_dbscan,
  author = {Schubert, Erich and Sander, Jörg and Ester, Martin and Kriegel, Hans Peter and Xu, Xiaowei},
  month = {08},
  pages = {1-21},
  title = {DBSCAN Revisited, Revisited: Why and How You Should (Still) Use DBSCAN},
  doi = {10.1145/3068335},
  url = {https://doi.org/10.1145/3068335},
  urldate = {2022-01-12},
  volume = {42},
  year = {2017},
  journal = {ACM Transactions on Database Systems}
}

@misc{harman_2020_dbscan,
  author = {Harman, Mikio},
  month = {08},
  title = {DBSCAN with Python},
  url = {https://towardsdatascience.com/dbscan-with-python-743162371dca},
  urldate = {2022-09-04},
  year = {2020},
  organization = {Medium}
}

@article{siwei_2021_review,
  author = {Siwei, He and Baolong, Liu},
  month = {01},
  pages = {18-23},
  title = {Review of Bounding Box Algorithm Based on 3D Point Cloud},
  doi = {10.21307/ijanmc-2021-003},
  url = {https://doi.org/10.21307/ijanmc-2021-003},
  urldate = {2022-08-20},
  volume = {6},
  year = {2021},
  journal = {International Journal of Advanced Network, Monitoring and Controls}
}

@misc{actorsfit_2021_pcl_pcaminimum,
  author = {actorsfit},
  title = {PCL PCA minimum bounding box (draw the vertex of the minimum bounding box)},
  url = {https://blog.actorsfit.com/a?ID=01750-b3f152c7-c1a1-4ea5-a64f-a53bf8677bc7},
  urldate = {2022-09-10},
  year = {2021},
  organization = {blog.actorsfit.com}
}

@misc{david_2014_computing,
  author = {David},
  month = {01},
  title = {Computing oriented minimum bounding boxes in 2D},
  url = {https://geidav.wordpress.com/2014/01/23/computing-oriented-minimum-bounding-boxes-in-2d/},
  urldate = {2022-09-10},
  year = {2014},
  organization = {The Infinite Loop}
}

@misc{mousavian_2017_3d,
  author = {Mousavian, Arsalan and Anguelov, Dragomir and Flynn, John and Kosecka, Jana},
  pages = {7074–7082},
  title = {3D Bounding Box Estimation Using Deep Learning and Geometry},
  url = {https://openaccess.thecvf.com/content_cvpr_2017/html/Mousavian_3D_Bounding_Box_CVPR_2017_paper.html},
  urldate = {2022-09-10},
  year = {2017},
  organization = {openaccess.thecvf.com}
}

@misc{intel_2021_introducing,
  author = {Intel},
  title = {Introducing the Intel® RealSense™ Depth Camera D455},
  url = {https://www.intelrealsense.com/depth-camera-d455/},
  urldate = {2022-06-16},
  year = {2021},
  organization = {Intel® RealSense™ Depth and Tracking Cameras}
}

@article{vole_2021_automatic,
  author = {Vo-Le, Cuong and Van Muoi, Pham and Son, Nguyen Hong and Van San, Nguyen and Duong, Vu Khac and Huyen, Nguyen Thi},
  month = {01},
  title = {Automatic Method for Measuring Object Size Using 3D Camera},
  doi = {10.1109/icce48956.2021.9352115},
  url = {https://doi.org/10.1109/ICCE48956.2021.9352115},
  urldate = {2022-06-16},
  year = {2021},
  journal = {2020 IEEE Eighth International Conference on Communications and Electronics (ICCE)}
}

@article{xu_2021_lidar,
  author = {Xu, Dandan and Wang, Haobin and Xu, Weixin and Luan, Zhaoqing and Xu, Xia},
  month = {04},
  pages = {550},
  title = {LiDAR Applications to Estimate Forest Biomass at Individual Tree Scale: Opportunities, Challenges and Future Perspectives},
  doi = {10.3390/f12050550},
  url = {https://doi.org/10.3390/f12050550},
  urldate = {2021-06-19},
  volume = {12},
  year = {2021},
  journal = {Forests}
}

@article{williams_2019_threedimensional,
  author = {Williams, Richard David and Lamy, Marie‐Lou and Maniatis, Georgios and Stott, Eilidh},
  month = {11},
  pages = {251-261},
  title = {Three‐dimensional reconstruction of fluvial surface sedimentology and topography using personal mobile laser scanning},
  doi = {10.1002/esp.4747},
  url = {https://doi.org/10.1002/esp.4747},
  urldate = {2021-09-01},
  volume = {45},
  year = {2019},
  journal = {Earth Surface Processes and Landforms}
}

@article{li_2017_the,
  author = {Li, Shikuan and Yang, Xu},
  title = {The research of binocular vision ranging system based on LabVIEW},
  doi = {10.1063/1.5005258},
  url = {https://doi.org/10.1063/1.5005258},
  urldate = {2021-09-26},
  year = {2017},
  journal = {AIP Conference Proceedings}
}

@article{jiao_2017_a,
  author = {Jiao, Jichao and Yuan, Libin and Tang, Weihua and Deng, Zhongliang and Wu, Qi},
  month = {11},
  pages = {349},
  title = {A Post-Rectification Approach of Depth Images of Kinect v2 for 3D Reconstruction of Indoor Scenes},
  doi = {10.3390/ijgi6110349},
  url = {https://doi.org/10.3390/ijgi6110349},
  urldate = {2021-09-16},
  volume = {6},
  year = {2017},
  journal = {ISPRS International Journal of Geo-Information}
}

@article{zhao_2018_3d,
  author = {Zhao, Jiaqi and Jiao, Licheng and Liu, Fang and Basto Fernandes, Vitor and Yevseyeva, Iryna and Xia, Shixiong and T.M. Emmerich, Michael},
  month = {06},
  pages = {322-336},
  title = {3D fast convex-hull-based evolutionary multiobjective optimization algorithm},
  doi = {10.1016/j.asoc.2018.03.005},
  url = {https://doi.org/10.1016/j.asoc.2018.03.005},
  urldate = {2021-09-10},
  volume = {67},
  year = {2018},
  journal = {Applied Soft Computing}
}

@book{laurini_2017_geographic,
  author = {Laurini, Robert},
  month = {04},
  publisher = {Elsevier},
  title = {Geographic Knowledge Infrastructure: Applications to Territorial Intelligence and Smart Cities},
  url = {https://books.google.com.br/books?hl=pt-BR&lr=&id=bQUsDgAAQBAJ&oi=fnd&pg=PP1&dq=LAURINI},
  urldate = {2021-11-26},
  year = {2017},
  organization = {Google Books}
}

@book{turrioni_2012_metodologia,
  author = {Turrioni, João and Mello, Carlos},
  edition = {1},
  publisher = {UNIFEI},
  title = {Metodologia de Pesquisa em Engenharia de Produção},
  year = {2012}
}

@book{miguel_2012_metodologia,
  author = {Miguel, Paulo},
  edition = {2},
  publisher = {Elsivier},
  title = {Metodologia de pesquisa em engenharia de produção e gestão de operações},
  url = {https://issuu.com/claudiaadrianakohl/docs/metodologia_de_pesquisa_em_engenhar},
  urldate = {2021-06-02},
  year = {2012}
}

@misc{ronzani_2019_explorao,
  author = {RONZANI, G. M and GOMES , R. A. and SILVA , E. J. and BANDEIRA, M. C. G. S. P. and SILVA, L. M. and CRUZ, D. B. and EUFRASIO, A. B. and SANTOS, L. M.},
  month = {07},
  pages = {53},
  publisher = {MediDes (Publicação Restrita: SAC)},
  title = {Exploração de formas de coleta de dados para monitoramento operacional em terminais aeroportuários (Relatório III): Metodologia de medição de desempenho (tempo de espera na fila) dos pontos de processamento de passageiros e bagagens no aeroporto, com definição de indicadores e metas de desempenho},
  year = {2019}
}

@misc{unitedairlines_2020_checkin,
  author = {United Airlines},
  title = {Check-in and Airport Processing Times},
  url = {https://www.united.com/ual/en/us/fly/travel/airport/process.html},
  urldate = {2021-10},
  year = {2020},
  organization = {United.com}
}

@article{hu_2020_accuracy,
  author = {Hu, Qijun and Feng, Ziyuan and He, Leping and Shou, Zihe and Zeng, Junsen and Tan, Jie and Bai, Yu and Cai, Qijie and Gu, Yucheng},
  month = {04},
  pages = {1994},
  title = {Accuracy Improvement of Binocular Vision Measurement System for Slope Deformation Monitoring},
  doi = {10.3390/s20071994},
  url = {https://doi.org/10.3390/s20071994},
  urldate = {2022-05-25},
  volume = {20},
  year = {2020},
  journal = {Sensors}
}

@misc{mathworks_2022_introduction,
  author = {MathWorks},
  title = {Introduction to Lidar - MATLAB & Simulink},
  url = {https://www.mathworks.com/help/lidar/ug/lidar-processing-overview.html},
  urldate = {2022-07-24},
  year = {2022},
  organization = {www.mathworks.com}
}

@misc{mathworks_2019_matlab,
  author = {MathWorks},
  title = {MATLAB - MathWorks},
  url = {https://www.mathworks.com/products/matlab.html},
  urldate = {2022-06},
  year = {2019},
  organization = {Mathworks.com}
}


@misc{anac_2022_resoluo,
  author = {ANAC},
  month = {10},
  title = {RESOLUÇÃO Nº 400, 13/12/2016 — Agência Nacional de Aviação Civil ANAC},
  url = {https://www.anac.gov.br/assuntos/legislacao/legislacao-1/resolucoes/resolucoes-2016/resolucao-no-400-13-12-2016},
  urldate = {2022-11-22},
  year = {2022},
  organization = {www.anac.gov.br}
}

@misc{gov_2022_documentos,
  author = {INMETRO},
  month = {12},
  title = {Documentos Técnicos em Metrologia},
  url = {https://www.gov.br/inmetro/pt-br/centrais-de-conteudo/publicacoes/documentos-tecnicos-em-metrologia/vim_2012.pdf/view},
  urldate = {2023-01-10},
  year = {2022},
  organization = {INMETRO}
}

@misc{zrhans_2018_acurcia,
  author = {zrhans},
  month = {08},
  title = {Acurácia, Precisão e Exatidão},
  url = {https://portalfisica.com/2018/08/24/acuracia-precisao-e-exatidao/},
  urldate = {2022-12},
  year = {2018},
  organization = {Portal Física}
}

@misc{anacargo_2023_a320321ana,
  author = {ANA cargo},
  month = {01},
  title = {A320/321｜ANA Cargo},
  url = {https://www.anacargo.jp/en/int/specification/a320.html},
  urldate = {2023-05-07},
  year = {2023},
  organization = {ANA Cargo}
}

@misc{iata_2022_level,
  author = {IATA},
  title = {Level of Service Concept},
  url = {https://www.iata.org/en/services/consulting/airport-pax-security/level-of-service/#tab-1},
  urldate = {2023-05-07},
  year = {2022},
  organization = {www.iata.org}
}

@misc{neale_2017_automated,
  author = {Neale, Olivia},
  month = {08},
  title = {Automated Bag Drop: How do one-step and two-step bag drop systems impact on airports - Part one},
  url = {https://www.aiqconsulting.com/blog/automated-bag-drop-how-do-one-step-and-two-step-bag-drop-systems-impact-on-airports-part-one/},
  urldate = {2023-05-07},
  year = {2017},
  organization = {AIQ}
}

@misc{fte_2008_the,
  author = {FTE},
  month = {09},
  title = {The efficiencies of common bag drop},
  url = {https://www.futuretravelexperience.com/2008/09/the-efficiencies-of-common-bag-drop/},
  urldate = {2023-05-07},
  year = {2008},
  organization = {Future Travel Experience}
}

@misc{airfrance_2019_air,
  author = {AIRFRANCE},
  title = {Air France chooses new, more spacious luggage compartments by Safran to equip its Airbus A320 fleet | Air France - Corporate},
  url = {https://www.safran-group.com/pressroom/air-france-chooses-new-more-spacious-luggage-compartments-safran-equip-its-airbus-a320-fleet-2019-10-02},
  urldate = {2023-05-13},
  year = {2019},
  organization = {corporate.airfrance.com}
}

@misc{flyflapper_2023_airbus,
  author = {flyflapper},
  title = {Airbus A320},
  url = {https://flyflapper.com/aircraft/425/airbus-a320},
  urldate = {2023-05-13},
  year = {2023},
  organization = {Flyflapper.com}
}

@misc{appelt_2007_simulation,
  author = {Appelt, Simone and Batta, Rajan and Lin, Li and Drury, Colin},
  month = {12},
  pages = {1252–1260},
  title = {Simulation of passenger check-in at a medium-sized us airport},
  doi = {10.1109/WSC.2007.4419729},
  url = {https://ieeexplore.ieee.org/abstract/document/4419729/},
  urldate = {2023-01-06},
  year = {2007},
  organization = {IEEE Xplore}
}

@misc{universityofminnesota_2022_airport,
  author = {University of Minnesota},
  title = {Airport Check-In | Learning Abroad Center},
  url = {https://umabroad.umn.edu/resources/travel/airport},
  year = {2022},
  organization = {umabroad.umn.edu}
}

@misc{anac_2016_anac,
  author = {ANAC},
  month = {10},
  title = {ANAC orienta passageiros sobre horário de check-in e embarque},
  url = {https://www.gov.br/anac/pt-br/noticias/2016/anac-orienta-passageiros-sobre-horario-de-check-in-e-embarque#:~:text=Geralmente%2C%20as%20companhias%20a%C3%A9reas%20abrem},
  urldate = {2023-05-14},
  year = {2016},
  organization = {Agência Nacional de Aviação Civil (ANAC)}
}